%% This BibTeX bibliography file was created using BibDesk.
%% http://bibdesk.sourceforge.net/

@article{Altheimer:2012mn,
      author         = "Altheimer, A. and others",
      title          = "{Jet Substructure at the Tevatron and LHC: New results,
                        new tools, new benchmarks}",
      booktitle      = "{BOOST 2011 Princeton , NJ, USA, 22–26 May 2011}",
      journal        = "J. Phys.",
      volume         = "G39",
      year           = "2012",
      pages          = "063001",
      doi            = "10.1088/0954-3899/39/6/063001",
      eprint         = "1201.0008",
      archivePrefix  = "arXiv",
      primaryClass   = "hep-ph",
      reportNumber   = "SLAC-R-990, FERMILAB-PUB-12-897-T",
      SLACcitation   = "%%CITATION = ARXIV:1201.0008;%%"
}

@article{Aad:2015ufa,
      author         = "Aad, Georges and others",
      title          = "{Search for production of $WW/WZ$ resonances decaying to
                        a lepton, neutrino and jets in $pp$ collisions at
                        $\sqrt{s}=8$  TeV with the ATLAS detector}",
      collaboration  = "ATLAS",
      journal        = "Eur. Phys. J.",
      volume         = "C75",
      year           = "2015",
      number         = "5",
      pages          = "209",
      doi            = "10.1140/epjc/s10052-015-3593-4,
                        10.1140/epjc/s10052-015-3425-6",
      note           = "[Erratum: Eur. Phys. J.C75,370(2015)]",
      eprint         = "1503.04677",
      archivePrefix  = "arXiv",
      primaryClass   = "hep-ex",
      reportNumber   = "CERN-PH-EP-2015-044",
      SLACcitation   = "%%CITATION = ARXIV:1503.04677;%%"
}

@article{Aad:2015kna,
      author         = "Aad, Georges and others",
      title          = "{Search for an additional, heavy Higgs boson in the
                        $H\rightarrow ZZ$ decay channel at $\sqrt{s}$ = 8 TeV in
                        $pp$ collision data with the ATLAS detector}",
      collaboration  = "ATLAS",
      year           = "2015",
      eprint         = "1507.05930",
      archivePrefix  = "arXiv",
      primaryClass   = "hep-ex",
      reportNumber   = "CERN-PH-EP-2015-154",
      SLACcitation   = "%%CITATION = ARXIV:1507.05930;%%"
}

@article{Aad:2015agg,
      author         = "Aad, Georges and others",
      title          = "{Search for a high-mass Higgs boson decaying to a $W$
                        boson pair in $pp$ collisions at $\sqrt{s} = 8$ TeV with
                        the ATLAS detector}",
      collaboration  = "ATLAS",
      year           = "2015",
      eprint         = "1509.00389",
      archivePrefix  = "arXiv",
      primaryClass   = "hep-ex",
      reportNumber   = "CERN-PH-EP-2015-185",
      SLACcitation   = "%%CITATION = ARXIV:1509.00389;%%"
}
@article{Aad:2014wea,
      author         = "Aad, Georges and others",
      title          = "{Search for squarks and gluinos with the ATLAS detector
                        in final states with jets and missing transverse momentum
                        using $\sqrt{s}=8$ TeV proton--proton collision data}",
      collaboration  = "ATLAS",
      journal        = "JHEP",
      volume         = "09",
      year           = "2014",
      pages          = "176",
      doi            = "10.1007/JHEP09(2014)176",
      eprint         = "1405.7875",
      archivePrefix  = "arXiv",
      primaryClass   = "hep-ex",
      reportNumber   = "CERN-PH-EP-2014-093",
      SLACcitation   = "%%CITATION = ARXIV:1405.7875;%%"
}

@article{Khachatryan:2015ywa,
      author         = "Khachatryan, Vardan and others",
      title          = "{Search for Narrow High-Mass Resonances in
                        Proton–Proton Collisions at $\sqrt{s}$ = 8 TeV Decaying
                        to a Z and a Higgs Boson}",
      collaboration  = "CMS",
      journal        = "Phys. Lett.",
      volume         = "B748",
      year           = "2015",
      pages          = "255-277",
      doi            = "10.1016/j.physletb.2015.07.011",
      eprint         = "1502.04994",
      archivePrefix  = "arXiv",
      primaryClass   = "hep-ex",
      reportNumber   = "CMS-EXO-13-007, CERN-PH-EP-2015-010",
      SLACcitation   = "%%CITATION = ARXIV:1502.04994;%%"
}

@article{Khachatryan:2015cwa,
      author         = "Khachatryan, Vardan and others",
      title          = "{Search for a Higgs Boson in the Mass Range from 145 to
                        1000 GeV Decaying to a Pair of W or Z Bosons}",
      collaboration  = "CMS",
      year           = "2015",
      eprint         = "1504.00936",
      archivePrefix  = "arXiv",
      primaryClass   = "hep-ex",
      reportNumber   = "CMS-HIG-13-031, CERN-PH-EP-2015-074",
      SLACcitation   = "%%CITATION = ARXIV:1504.00936;%%"
}

@article{Khachatryan:2015bma,
      author         = "Khachatryan, Vardan and others",
      title          = "{Search for A Massive Resonance Decaying into a Higgs
                        Boson and a W or Z Boson in Hadronic Final States in
                        Proton-Proton Collisions at $\sqrt{s}$ = 8 TeV}",
      collaboration  = "CMS",
      year           = "2015",
      eprint         = "1506.01443",
      archivePrefix  = "arXiv",
      primaryClass   = "hep-ex",
      reportNumber   = "CMS-EXO-14-009, CERN-PH-EP-2015-096",
      SLACcitation   = "%%CITATION = ARXIV:1506.01443;%%"
}

@article{Khachatryan:2015gza,
      author         = "Khachatryan, Vardan and others",
      title          = "{Search for pair-produced vector-like B quarks in
                        proton-proton collisions at $\sqrt{s}$ = 8 TeV}",
      collaboration  = "CMS",
      year           = "2015",
      eprint         = "1507.07129",
      archivePrefix  = "arXiv",
      primaryClass   = "hep-ex",
      reportNumber   = "CMS-B2G-13-006, CERN-PH-EP-2015-170",
      SLACcitation   = "%%CITATION = ARXIV:1507.07129;%%"
}

@article{Khachatryan:2015oba,
      author         = "Khachatryan, Vardan and others",
      title          = "{Search for vector-like charge 2/3 T quarks in
                        proton-proton collisions at $\sqrt{s}$ = 8 TeV}",
      collaboration  = "CMS",
      year           = "2015",
      eprint         = "1509.04177",
      archivePrefix  = "arXiv",
      primaryClass   = "hep-ex",
      reportNumber   = "CMS-B2G-13-005, CERN-PH-EP-2015-228",
      SLACcitation   = "%%CITATION = ARXIV:1509.04177;%%"
}

@article{Khachatryan:2015mta,
      author         = "Khachatryan, Vardan and others",
      title          = "{Search for the production of an excited bottom quark
                        decaying to tW in proton-proton collisions at $\sqrt{s} =$
                        8 TeV}",
      collaboration  = "CMS",
      year           = "2015",
      eprint         = "1509.08141",
      archivePrefix  = "arXiv",
      primaryClass   = "hep-ex",
      reportNumber   = "CMS-B2G-14-005, CERN-PH-EP-2015-246",
      SLACcitation   = "%%CITATION = ARXIV:1509.08141;%%"
}

@article{Aad:2014haa,
      author         = "Aad, Georges and others",
      title          = "{Measurement of the cross-section of high transverse
                        momentum vector bosons reconstructed as single jets and
                        studies of jet substructure in $pp$ collisions at
                        ${\sqrt{s}}$ = 7 TeV with the ATLAS detector}",
      collaboration  = "ATLAS",
      journal        = "New J. Phys.",
      volume         = "16",
      year           = "2014",
      number         = "11",
      pages          = "113013",
      doi            = "10.1088/1367-2630/16/11/113013",
      eprint         = "1407.0800",
      archivePrefix  = "arXiv",
      primaryClass   = "hep-ex",
      reportNumber   = "CERN-PH-EP-2014-123",
      SLACcitation   = "%%CITATION = ARXIV:1407.0800;%%"
}
@techreport{ATL-PHYS-PUB-2014-004,
      title         = "{Performance of Boosted W Boson Identification with the ATLAS Detector}",
      institution   = "CERN",
      address       = "Geneva",
      number        = "ATL-PHYS-PUB-2014-004",
      month         = "March",
      year          = "2014",
      reportNumber  = "ATL-PHYS-PUB-2014-004",
      url           = "http://atlas.web.cern.ch/Atlas/GROUPS/PHYSICS/PUBNOTES/ATL-PHYS-PUB-2014-004/",
}
@techreport{ATL-PHYS-PUB-2015-033,
      title         = "{Identification of boosted, hadronically-decaying $W$ and
                       $Z$ bosons in $\sqrt{s} = 13$ TeV Monte Carlo Simulations
                       for ATLAS}",
      institution   = "CERN",
      address       = "Geneva",
      number        = "ATL-PHYS-PUB-2015-033",
      month         = "Aug",
      year          = "2015",
      reportNumber  = "ATL-PHYS-PUB-2015-033",
      url           = "https://cds.cern.ch/record/2041461",
}
@article{Khachatryan:2014vla,
      author         = "Khachatryan, Vardan and others",
      title          = "{Identification techniques for highly boosted W bosons
                        that decay into hadrons}",
      collaboration  = "CMS",
      journal        = "JHEP",
      volume         = "12",
      year           = "2014",
      pages          = "017",
      doi            = "10.1007/JHEP12(2014)017",
      eprint         = "1410.4227",
      archivePrefix  = "arXiv",
      primaryClass   = "hep-ex",
      reportNumber   = "CMS-JME-13-006, CERN-PH-EP-2014-241",
      SLACcitation   = "%%CITATION = ARXIV:1410.4227;%%"
}
@article{Khachatryan:2014hpa,
      author         = "Khachatryan, Vardan and others",
      title          = "{Search for massive resonances in dijet systems
                        containing jets tagged as W or Z boson decays in pp
                        collisions at $ \sqrt{s} $ = 8 TeV}",
      collaboration  = "CMS",
      journal        = "JHEP",
      volume         = "08",
      year           = "2014",
      pages          = "173",
      doi            = "10.1007/JHEP08(2014)173",
      eprint         = "1405.1994",
      archivePrefix  = "arXiv",
      primaryClass   = "hep-ex",
      reportNumber   = "CMS-EXO-12-024, CERN-PH-EP-2014-071",
      SLACcitation   = "%%CITATION = ARXIV:1405.1994;%%"
}

@article{Aad:2015owa,
      author         = "Aad, Georges and others",
      title          = "{Search for high-mass diboson resonances with
                        boson-tagged jets in proton-proton collisions at $\sqrt{s}
                        = 8$ TeV with the ATLAS detector}",
      collaboration  = "ATLAS",
      year           = "2015",
      eprint         = "1506.00962",
      archivePrefix  = "arXiv",
      primaryClass   = "hep-ex",
      reportNumber   = "CERN-PH-EP-2015-115",
      SLACcitation   = "%%CITATION = ARXIV:1506.00962;%%"
}

@misc{Keras,
  author = {François Chollet},
  title = {Keras},
  year = {2015},
  publisher = {GitHub},
  journal = {GitHub repository},
  howpublished = {\url{https://github.com/fchollet/keras}}
}

@article{Nesterov:1983wy,
    author = {Nesterov, Yurii},
    citeulikearticleid = {9501961},
    citeulikelinkout = {http://www.core.ucl.ac.be/~nesterov/Research/Papers/DAN83.pdf},
    journal = {Soviet Mathematics Doklady},
    pages = {372--376},
    postedat = {2011-07-04 10:29:10},
    priority = {2},
    title = {{A method of solving a convex programming problem with convergence rate O(1/sqr(k))}},
    url = {http://www.core.ucl.ac.be/\~{}nesterov/Research/Papers/DAN83.pdf},
    volume = {27},
    year = {1983}
}


@article{DBLP:journals/corr/KingmaB14,
  author    = {Diederik P. Kingma and
               Jimmy Ba},
  title     = {Adam: {A} Method for Stochastic Optimization},
  journal   = {CoRR},
  volume    = {abs/1412.6980},
  year      = {2014},
  url       = {http://arxiv.org/abs/1412.6980},
  timestamp = {Thu, 01 Jan 2015 19:51:08 +0100},
  biburl    = {http://dblp.uni-trier.de/rec/bib/journals/corr/KingmaB14},
  bibsource = {dblp computer science bibliography, http://dblp.org}
}

@Article{Hocker:2007ht, 
author	=	"Hoecker, Andreas and Speckmayer, Peter and Stelzer, Joerg and Therhaag, Jan and von Toerne, Eckhard and Voss, Helge",
title	 = 	"{TMVA: Toolkit for Multivariate Data Analysis}",
journal	 = 	"PoS",
volume	 = 	"ACAT",
year	 = 	"2007",
pages	 = 	"040",
eprint	 = 	"physics/0703039",
archivePrefix	 = 	"arXiv",
SLACcitation	 = 	"%%CITATION = PHYSICS/0703039;%%"}

@article{Thaler:2015xaa,
      author         = "Thaler, Jesse and Wilkason, Thomas F.",
      title          = "{Resolving Boosted Jets with XCone}",
      year           = "2015",
      eprint         = "1508.01518",
      archivePrefix  = "arXiv",
      primaryClass   = "hep-ph",
      reportNumber   = "MIT--CTP-4675",
      SLACcitation   = "%%CITATION = ARXIV:1508.01518;%%"
}
@article{Stewart:2015waa,
      author         = "Stewart, Iain W. and Tackmann, Frank J. and Thaler, Jesse
                        and Vermilion, Christopher K. and Wilkason, Thomas F.",
      title          = "{XCone: N-jettiness as an Exclusive Cone Jet Algorithm}",
      year           = "2015",
      eprint         = "1508.01516",
      archivePrefix  = "arXiv",
      primaryClass   = "hep-ph",
      reportNumber   = "MIT--CTP-4674, DESY-15-087",
      SLACcitation   = "%%CITATION = ARXIV:1508.01516;%%"
}
@book{opac-b1097397,
   title = "Finite mixture models",
   author = "McLachlan, Geoffrey J. and Peel, David",
   series = "Wiley series in probability and statistics",
   publisher = "J. Wiley \& Sons",
   address = "New York",
   url = "http://opac.inria.fr/record=b1097397",
   isbn = "0-471-00626-2",
   year = "2000"
}
@article{Agashe:2014kda,
      author         = "Olive, K.A. and others",
      title          = "{Review of Particle Physics}",
      collaboration  = "Particle Data Group",
      journal        = "Chin.Phys.",
      volume         = "C38",
      pages          = "090001",
      doi            = "10.1088/1674-1137/38/9/090001",
      year           = "2014",
      SLACcitation   = "%%CITATION = CHPHD,C38,090001;%%",
}
@article{Hocker:2007ht,
      author         = "Hocker, Andreas and Stelzer, J. and Tegenfeldt, F. and
                        Voss, H. and Voss, K. and others",
      title          = "{TMVA - Toolkit for Multivariate Data Analysis}",
      journal        = "PoS",
      volume         = "ACAT",
      pages          = "040",
      year           = "2007",
      eprint         = "physics/0703039",
      archivePrefix  = "arXiv",
      primaryClass   = "PHYSICS",
      reportNumber   = "CERN-OPEN-2007-007",
      SLACcitation   = "%%CITATION = PHYSICS/0703039;%%",
}

@article{determiningk,
      author         = "Milligan, G. and M. Cooper",
      title          = "{An examination of procedures for determinig the number of clusters in a data set}",
      journal        = "Psychometrika",
      volume         = "50",
      pages          = "159-179",
      year           = "1985",
}

@article{gap,
      author         = "Tibshirani, R. and Walther, G. and Hastie, T",
      title          = "{Estimating the number of clusters in a data set via the gap statistic}",
      journal        = "J. R. Stat. Soc. B",
      volume         = "63",
      pages          = "411-423",
      year           = "2001",
}

@article{Catani:1993hr,
      author         = "Catani, S. and Dokshitzer, Yuri L. and Seymour, M.H. and
                        Webber, B.R.",
      title          = "{Longitudinally invariant $K_t$ clustering algorithms for
                        hadron hadron collisions}",
      journal        = "Nucl. Phys.",
      volume         = "B406",
      pages          = "187-224",
      doi            = "10.1016/0550-3213(93)90166-M",
      year           = "1993",
      reportNumber   = "CERN-TH-6775-93, LU-TP-93-2",
      SLACcitation   = "%%CITATION = NUPHA,B406,187;%%",
}

@article{baum1966,
author = "Baum, Leonard E. and Petrie, Ted",
doi = "10.1214/aoms/1177699147",
fjournal = "The Annals of Mathematical Statistics",
journal = "Ann. Math. Statist.",
month = "12",
number = "6",
pages = "1554--1563",
publisher = "The Institute of Mathematical Statistics",
title = "Statistical Inference for Probabilistic Functions of Finite State Markov Chains",
url = "http://dx.doi.org/10.1214/aoms/1177699147",
volume = "37",
year = "1966"
}

@article{Ellis:2012sn,
      author         = "Ellis, Stephen D. and Hornig, Andrew and Roy, Tuhin S.
                        and Krohn, David and Schwartz, Matthew D.",
      title          = "{Qjets: A Non-Deterministic Approach to Tree-Based Jet
                        Substructure}",
      journal        = "Phys. Rev. Lett.",
      volume         = "108",
      pages          = "182003",
      doi            = "10.1103/PhysRevLett.108.182003",
      year           = "2012",
      eprint         = "1201.1914",
      archivePrefix  = "arXiv",
      primaryClass   = "hep-ph",
      SLACcitation   = "%%CITATION = ARXIV:1201.1914;%%",
}

@techreport{wbosonATLAS,
      title         = "{Performance of Boosted W Boson Identification with the
                       ATLAS Detector}",
      institution   = "CERN",
      address       = "Geneva",
      number        = "ATL-PHYS-PUB-2014-004",
      month         = "Mar",
      year          = "2014",
}

@techreport{wbosonCMS,
      title         = "{Identifying Hadronically Decaying Vector Bosons Merged
                       into a Single Jet}",
      institution   = "CERN",
      collaboration = "CMS",
      address       = "Geneva",
      number        = "CMS-PAS-JME-13-006",
      year          = "2013",
}

@article{nsub,
      author         = "Thaler, Jesse and Van Tilburg, Ken",
      title          = "{Identifying Boosted Objects with N-subjettiness}",
      journal        = "JHEP",
      volume         = "1103",
      pages          = "015",
      doi            = "10.1007/JHEP03(2011)015",
      year           = "2011",
      eprint         = "1011.2268",
      archivePrefix  = "arXiv",
      primaryClass   = "hep-ph",
      reportNumber   = "MIT-CTP-4191",
      SLACcitation   = "%%CITATION = ARXIV:1011.2268;%%",
}

@article{boost2012,
      author         = "Altheimer, A. and Arce, A. and Asquith, L. and Backus
                        Mayes, J. and Bergeaas Kuutmann, E. and others",
      title          = "{Boosted objects and jet substructure at the LHC. Report
                        of BOOST2012, held at IFIC Valencia, 23rd-27th of July
                        2012}",
      journal        = "Eur.Phys.J.",
      number         = "3",
      volume         = "C74",
      pages          = "2792",
      doi            = "10.1140/epjc/s10052-014-2792-8",
      year           = "2014",
      eprint         = "1311.2708",
      archivePrefix  = "arXiv",
      primaryClass   = "hep-ex",
      reportNumber   = "FERMILAB-PUB-13-669",
      SLACcitation   = "%%CITATION = ARXIV:1311.2708;%%",
}

@article{boost2011,
      author         = "Altheimer, A. and Arora, S. and Asquith, L. and
                        Brooijmans, G. and Butterworth, J. and others",
      title          = "{Jet Substructure at the Tevatron and LHC: New results,
                        new tools, new benchmarks}",
      journal        = "J. Phys.",
      volume         = "G39",
      pages          = "063001",
      doi            = "10.1088/0954-3899/39/6/063001",
      year           = "2012",
      eprint         = "1201.0008",
      archivePrefix  = "arXiv",
      primaryClass   = "hep-ph",
      reportNumber   = "SLAC-R-990, FERMILAB-PUB-12-897-T",
      SLACcitation   = "%%CITATION = ARXIV:1201.0008;%%",
}

@article{fastjet,
      author         = "Cacciari, Matteo and Salam, Gavin P. and Soyez, Gregory",
      title          = "{FastJet User Manual}",
      journal        = "Eur. Phys. J.",
      volume         = "C72",
      pages          = "1896",
      doi            = "10.1140/epjc/s10052-012-1896-2",
      year           = "2012",
      eprint         = "1111.6097",
      archivePrefix  = "arXiv",
      primaryClass   = "hep-ph",
      reportNumber   = "CERN-PH-TH-2011-297",
      SLACcitation   = "%%CITATION = ARXIV:1111.6097;%%",
}

@article{Pythia,
      author         = "Sjostrand, Torbjorn and Mrenna, Stephen and Skands, Peter
                        Z.",
      title          = "{PYTHIA 6.4 Physics and Manual}",
      journal        = "JHEP",
      volume         = "0605",
      pages          = "026",
      doi            = "10.1088/1126-6708/2006/05/026",
      year           = "2006",
      eprint         = "hep-ph/0603175",
      archivePrefix  = "arXiv",
      primaryClass   = "hep-ph",
      reportNumber   = "FERMILAB-PUB-06-052-CD-T, LU-TP-06-13",
      SLACcitation   = "%%CITATION = HEP-PH/0603175;%%",
}

@article{Pythia8,
      author         = "Sjostrand, Torbjorn and Mrenna, Stephen and Skands, Peter
                        Z.",
      title          = "{A Brief Introduction to PYTHIA 8.1}",
      journal        = "Comput. Phys. Commun.",
      volume         = "178",
      pages          = "852-867",
      doi            = "10.1016/j.cpc.2008.01.036",
      year           = "2008",
      eprint         = "0710.3820",
      archivePrefix  = "arXiv",
      primaryClass   = "hep-ph",
      reportNumber   = "CERN-LCGAPP-2007-04, LU-TP-07-28,
                        FERMILAB-PUB-07-512-CD-T",
      SLACcitation   = "%%CITATION = ARXIV:0710.3820;%%",
}

@article{softkill,
      author         = "Cacciari, Matteo and Salam, Gavin P. and Soyez, Gregory",
      title          = "{SoftKiller, a particle-level pileup removal method}",
      journal        = "Eur. Phys. J.",
      number         = "2",
      volume         = "C75",
      pages          = "59",
      doi            = "10.1140/epjc/s10052-015-3267-2",
      year           = "2015",
      eprint         = "1407.0408",
      archivePrefix  = "arXiv",
      primaryClass   = "hep-ph",
      reportNumber   = "CERN-PH-TH-2014-116",
      SLACcitation   = "%%CITATION = ARXIV:1407.0408;%%",
}

@article{constsub,
      author         = "Berta, Peter and Spousta, Martin and Miller, David W. and
                        Leitner, Rupert",
      title          = "{Particle-level pileup subtraction for jets and jet
                        shapes}",
      journal        = "JHEP",
      volume         = "1406",
      pages          = "092",
      doi            = "10.1007/JHEP06(2014)092",
      year           = "2014",
      eprint         = "1403.3108",
      archivePrefix  = "arXiv",
      primaryClass   = "hep-ex",
      SLACcitation   = "%%CITATION = ARXIV:1403.3108;%%",
}

@article{puppi,
      author         = "Bertolini, Daniele and Harris, Philip and Low, Matthew
                        and Tran, Nhan",
      title          = "{Pileup Per Particle Identification}",
      journal        = "JHEP",
      volume         = "1410",
      pages          = "59",
      doi            = "10.1007/JHEP10(2014)059",
      year           = "2014",
      eprint         = "1407.6013",
      archivePrefix  = "arXiv",
      primaryClass   = "hep-ph",
      reportNumber   = "FERMILAB-PUB-14-238-PPD, EFI-14-18, MIT-CTP-4558",
      SLACcitation   = "%%CITATION = ARXIV:1407.6013;%%",
}

@article{trimming,
      author         = "Krohn, David and Thaler, Jesse and Wang, Lian-Tao",
      title          = "{Jet Trimming}",
      journal        = "JHEP",
      volume         = "1002",
      pages          = "084",
      doi            = "10.1007/JHEP02(2010)084",
      year           = "2010",
      eprint         = "0912.1342",
      archivePrefix  = "arXiv",
      primaryClass   = "hep-ph",
      SLACcitation   = "%%CITATION = ARXIV:0912.1342;%%",
}

@article{areas,
      author         = "Cacciari, Matteo and Salam, Gavin P.",
      title          = "{Pileup subtraction using jet areas}",
      journal        = "Phys. Lett.",
      volume         = "B659",
      pages          = "119-126",
      doi            = "10.1016/j.physletb.2007.09.077",
      year           = "2008",
      eprint         = "0707.1378",
      archivePrefix  = "arXiv",
      primaryClass   = "hep-ph",
      reportNumber   = "LPTHE-07-01",
      SLACcitation   = "%%CITATION = ARXIV:0707.1378;%%",
}

@inproceeding{macqueen1967,
address = "Berkeley, Calif.",
author = "MacQueen, J.",
booktitle = "Proceedings of the Fifth Berkeley Symposium on Mathematical Statistics and Probability, Volume 1: Statistics",
pages = "281--297",
publisher = "University of California Press",
title = "Some methods for classification and analysis of multivariate observations",
url = "http://projecteuclid.org/euclid.bsmsp/1200512992",
year = "1967"
}

@article{Grigoriev:2003tn,
      author         = "Grigoriev, D. Yu. and Jankowski, E. and Tkachov, F.V.",
      title          = "{Optimal jet finder}",
      journal        = "Comput. Phys. Commun.",
      volume         = "155",
      pages          = "42-64",
      doi            = "10.1016/S0010-4655(03)00291-1",
      year           = "2003",
      eprint         = "hep-ph/0301226",
      archivePrefix  = "arXiv",
      primaryClass   = "hep-ph",
      reportNumber   = "ALBERTA-THY-02-03",
      SLACcitation   = "%%CITATION = HEP-PH/0301226;%%",
}

@book{em3,
      author         = "McLachlan G. and Krishnan, T.",
      title          = "{The EM Algorithm and Extensions}",
      year           = "1997",
 		publisher        = "Whiley",
      address         = "New York",
}

@article{em2,
      author         = "Dempster, A. and Laird, N. and Rubin, D.",
      title          = "{Maximum Likelihood from Incomplete Data via the EM Algorithm}",
      year           = "1977",
 		journal        = "Journal of the Royal Society Series B (Methodological)",
      volume         = "39",
      pages          = "1-38",
}

@article{em1,
      author         = "Hartley, H.",
      title          = "{Maximum Likelihood Estimation from Incomplete Data}",
      year           = "1958",
 		journal        = "Biometrics",
      volume         = "14",
      pages          = "174-194",
}

@article{mixturemodels,
      author         = "Frealey, C. and A. Raftery",
      title          = "{Model-based clustering, discriminant analysis, and density estimation}",
      year           = "2002",
 		journal        = "Journal of the American Statistical Association",
      volume         = "97",
      pages          = "611",
}

@article{Wobisch:1998wt,
      author         = "Wobisch, M. and Wengler, T.",
      title          = "{Hadronization corrections to jet cross-sections in deep
                        inelastic scattering}",
      year           = "1998",
      eprint         = "hep-ph/9907280",
      archivePrefix  = "arXiv",
      primaryClass   = "hep-ph",
      reportNumber   = "PITHA-99-16",
      SLACcitation   = "%%CITATION = HEP-PH/9907280;%%",
}

@article{Dokshitzer:1997in,
      author         = "Dokshitzer, Yuri L. and Leder, G.D. and Moretti, S. and
                        Webber, B.R.",
      title          = "{Better jet clustering algorithms}",
      journal        = "JHEP",
      volume         = "9708",
      pages          = "001",
      doi            = "10.1088/1126-6708/1997/08/001",
      year           = "1997",
      eprint         = "hep-ph/9707323",
      archivePrefix  = "arXiv",
      primaryClass   = "hep-ph",
      reportNumber   = "CAVENDISH-HEP-97-06",
      SLACcitation   = "%%CITATION = HEP-PH/9707323;%%",
}

@article{Cacciari:2008gp,
      author         = "Cacciari, Matteo and Salam, Gavin P. and Soyez, Gregory",
      title          = "{The Anti-k(t) jet clustering algorithm}",
      journal        = "JHEP",
      volume         = "0804",
      pages          = "063",
      doi            = "10.1088/1126-6708/2008/04/063",
      year           = "2008",
      eprint         = "0802.1189",
      archivePrefix  = "arXiv",
      primaryClass   = "hep-ph",
      reportNumber   = "LPTHE-07-03",
      SLACcitation   = "%%CITATION = ARXIV:0802.1189;%%",
}

@article{Ellis:1993tq,
      author         = "Ellis, Stephen D. and Soper, Davison E.",
      title          = "{Successive combination jet algorithm for hadron
                        collisions}",
      journal        = "Phys.Rev.",
      volume         = "D48",
      pages          = "3160-3166",
      doi            = "10.1103/PhysRevD.48.3160",
      year           = "1993",
      eprint         = "hep-ph/9305266",
      archivePrefix  = "arXiv",
      primaryClass   = "hep-ph",
      reportNumber   = "CERN-TH-6860-93",
      SLACcitation   = "%%CITATION = HEP-PH/9305266;%%",
}

@article{Chatrchyan:2012xi,
      author         = "Chatrchyan, Serguei and others",
      title          = "{Performance of CMS muon reconstruction in $pp$ collision
                        events at $\sqrt{s}=7$ TeV}",
      collaboration  = "CMS",
      journal        = "JINST",
      volume         = "7",
      pages          = "P10002",
      doi            = "10.1088/1748-0221/7/10/P10002",
      year           = "2012",
      eprint         = "1206.4071",
      archivePrefix  = "arXiv",
      primaryClass   = "physics.ins-det",
      reportNumber   = "CMS-MUO-10-004, CERN-PH-EP-2012-173",
      SLACcitation   = "%%CITATION = ARXIV:1206.4071;%%",
}

@article{Aad:2014rra,
      author         = "Aad, Georges and others",
      title          = "{Measurement of the muon reconstruction performance of
                        the ATLAS detector using 2011 and 2012 LHC proton-proton
                        collision data}",
      collaboration  = "ATLAS",
      journal        = "Eur. Phys. J.",
      number         = "11",
      volume         = "C74",
      pages          = "3130",
      doi            = "10.1140/epjc/s10052-014-3130-x",
      year           = "2014",
      eprint         = "1407.3935",
      archivePrefix  = "arXiv",
      primaryClass   = "hep-ex",
      reportNumber   = "CERN-PH-EP-2014-151",
      SLACcitation   = "%%CITATION = ARXIV:1407.3935;%%",
}

@article{Aad:2014nim,
      author         = "Aad, Georges and others",
      title          = "{Electron and photon energy calibration with the ATLAS
                        detector using LHC Run 1 data}",
      collaboration  = "ATLAS",
      journal        = "Eur. Phys. J.",
      number         = "10",
      volume         = "C74",
      pages          = "3071",
      doi            = "10.1140/epjc/s10052-014-3071-4",
      year           = "2014",
      eprint         = "1407.5063",
      archivePrefix  = "arXiv",
      primaryClass   = "hep-ex",
      reportNumber   = "CERN-PH-EP-2014-153",
      SLACcitation   = "%%CITATION = ARXIV:1407.5063;%%",
}

@article{Khachatryan:2015hwa,
      author         = "Khachatryan, Vardan and others",
      title          = "{Performance of electron reconstruction and selection
                        with the CMS detector in proton-proton collisions at
                        sqrt(s)=8 TeV}",
      collaboration  = "CMS",
      year           = "2015",
      eprint         = "1502.02701",
      archivePrefix  = "arXiv",
      primaryClass   = "physics.ins-det",
      reportNumber   = "CMS-EGM-13-001, CERN-PH-EP-2015-004",
      SLACcitation   = "%%CITATION = ARXIV:1502.02701;%%",
}

@article{Khachatryan:2010nk,
      author         = "Khachatryan, Vardan and others",
      title          = "{Charged particle multiplicities in $pp$ interactions at
                        $\sqrt{s}=0.9$, 2.36, and 7 TeV}",
      collaboration  = "CMS",
      journal        = "JHEP",
      volume         = "1101",
      pages          = "079",
      doi            = "10.1007/JHEP01(2011)079",
      year           = "2011",
      eprint         = "1011.5531",
      archivePrefix  = "arXiv",
      primaryClass   = "hep-ex",
      reportNumber   = "CERN-PH-EP-2010-048, CMS-QCD-10-004",
      SLACcitation   = "%%CITATION = ARXIV:1011.5531;%%",
}

@article{Aad:2010ac,
      author         = "Aad, G. and others",
      title          = "{Charged-particle multiplicities in pp interactions
                        measured with the ATLAS detector at the LHC}",
      collaboration  = "ATLAS",
      journal        = "New J.Phys.",
      volume         = "13",
      pages          = "053033",
      doi            = "10.1088/1367-2630/13/5/053033",
      year           = "2011",
      eprint         = "1012.5104",
      archivePrefix  = "arXiv",
      primaryClass   = "hep-ex",
      SLACcitation   = "%%CITATION = ARXIV:1012.5104;%%",
}

@techreport{ATLAS-CONF-2011-053,
      title         = "{Light-quark and Gluon Jets in ATLAS}",
      institution   = "CERN",
      collaboration = "ATLAS",
      address       = "Geneva",
      number        = "ATLAS-CONF-2011-053",
      month         = "Apr",
      year          = "2011",
}
@techreport{ATLAS-CONF-2011-007,
      title         = "{Update on the jet energy scale systematic uncertainty for jets produced in proton-proton collisions at $\sqrt{s} = 7$ TeV measured with the ATLAS detector}",
      institution   = "CERN",
      address       = "Geneva",
      number        = "ATLAS-CONF-2011-007",
      year          = "2011",
}

@article{lumiPaper2010,
      author         = "Aad, Georges and others",
      title          = "{Luminosity Determination in pp Collisions at sqrt(s)=7
                        TeV Using the ATLAS Detector at the LHC}",
      collaboration  = "ATLAS",
      journal        = "Eur. Phys. J.",
      volume         = "C71",
      pages          = "1630",
      doi            = "10.1140/epjc/s10052-011-1630-5",
      year           = "2011",
      eprint         = "1101.2185",
      archivePrefix  = "arXiv",
      primaryClass   = "hep-ex",
      SLACcitation   = "%%CITATION = ARXIV:1101.2185;%%",
}
@article{ATLAS-CONF-2011-116,
      author  = "{ATLAS}",
      title        = "Luminosity Determination in pp Collisions at sqrt(s) = 7
                      TeV using the ATLAS Detector in 2011",
      report       = "ATLAS-CONF-2011-116",
      url     = "http://cdsweb.cern.ch/record/1376384",
}

@misc{commond3pd,
     howpublished     = "\url{https://twiki.cern.ch/twiki/bin/viewauth/AtlasComputing/CommonD3PD}",
}

@misc{jetmet3pd,
     howpublished     = "\url{https://twiki.cern.ch/twiki/bin/viewauth/AtlasProtected/NTUP_JETMET}",
}

@article{Adye:2011gm,
      author         = "Adye, Tim",
      title          = "{Unfolding algorithms and tests using RooUnfold}",
      year           = "2011",
      eprint         = "1105.1160",
      archivePrefix  = "arXiv",
      primaryClass   = "physics.data-an",
      SLACcitation   = "%%CITATION = ARXIV:1105.1160;%%",
}

@techreport{Nachman:1566473,
      author        = "Nachman, B and Schwartzman, A and Swiatlowski, M",
      title         = "{The Charge of Boosted Jets: Supporting Plots for
                       ATLAS-COM-CONF-2013-101}",
      institution   = "CERN",
      address       = "Geneva",
      number        = "ATL-COM-PHYS-2013-1069",
      month         = "Aug",
      year          = "2013",
}

@techreport{Nachman:1631114,
      author        = "Nachman, B and Swiatlowski, M and Schwartzman, A",
      title         = "{Some Aspects of Jet Charge}",
      institution   = "CERN",
      address       = "Geneva",
      number        = "ATL-COM-PHYS-2013-1575",
      month         = "Nov",
      year          = "2013",
}

@techreport{ATLAS-CONF-2013-086,
      title         = "{Jet Charge Studies with the ATLAS Detector Using
                       $\sqrt{s} = 8$ TeV Proton-Proton Collision Data}",
      institution   = "CERN",
      address       = "Geneva",
      number        = "ATLAS-CONF-2013-086",
      month         = "Aug",
      year          = "2013",
}

@article{ATLAS:2011qia,
	Author = "{ATLAS}",
	Date-Added = {2013-06-07 16:00:47 +0000},
	Date-Modified = {2013-06-07 16:01:18 +0000},
	Key = {1204180},
	Reportnumber = {ATLAS-CONF-2011-102, ATLAS-COM-CONF-2011-110},
	Slaccitation = {%%CITATION = ATLAS-CONF-2011-102 ETC.;%%},
	Title = {{Commissioning of the ATLAS high-performance b-tagging algorithms in the 7 TeV collision data}},
	Year = {2011}}

@article{Skands:2010ak,
	Author = {Skands, Peter Zeiler},
	Date-Added = {2013-06-07 15:58:21 +0000},
	Date-Modified = {2013-06-07 15:58:21 +0000},
	Doi = {10.1103/PhysRevD.82.074018},
	Journal = {Phys.Rev. D},
	Pages = {074018},
	Reportnumber = {MCNET-10-08, CERN-PH-TH-2010-113},
	Slaccitation = {%%CITATION = ARXIV:1005.3457;%%},
	Title = {{Tuning Monte Carlo Generators: The Perugia Tunes}},
	Volume = {82},
	Year = {2010},
	Bdsk-Url-1 = {http://dx.doi.org/10.1103/PhysRevD.82.074018}}

@article{Aliev:2010zk,
	Author = {Aliev, M. and Lacker, H. and Langenfeld, U. and Moch, S. and Uwer, P. and others},
	Date-Added = {2013-06-07 15:56:14 +0000},
	Date-Modified = {2013-06-07 15:56:14 +0000},
	Doi = {10.1016/j.cpc.2010.12.040},
	Journal = {Comput. Phys. Commun.},
	Pages = {1034-1046},
	Reportnumber = {DESY-10-091, HU-EP-10-33, SFB-CPP-10-60},
	Slaccitation = {%%CITATION = ARXIV:1007.1327;%%},
	Title = {{HATHOR: HAdronic Top and Heavy quarks crOss section calculatoR}},
	Volume = {182},
	Year = {2011},
	Bdsk-Url-1 = {http://dx.doi.org/10.1016/j.cpc.2010.12.040}}

@article{Sjostrand2008852,
	Author = {Torbj{\"o}rn Sj{\"o}strand and Stephen Mrenna and Peter Skands},
	Date-Added = {2013-06-07 15:54:06 +0000},
	Date-Modified = {2013-06-07 15:54:06 +0000},
	Doi = {10.1016/j.cpc.2008.01.036},
	Issn = {0010-4655},
	Journal = {Comput. Phys. Commun.},
	Keywords = {Hadronisation},
	Pages = {852},
	Title = {A brief introduction to PYTHIA 8.1},
	Volume = {178},
	Year = {2008},}

@article{antiktpaper,
	Author = {Cacciari, Matteo and Salam, Gavin P. and Soyez, Gregory},
	Date-Modified = {2013-06-07 15:47:16 +0000},
	Journal = {JHEP},
	Pages = {063},
	Reportnumber = {LPTHE-07-03},
	Slaccitation = {%%CITATION = ARXIV:0802.1189;%%},
	Title = {{The Anti-k(t) jet clustering algorithm}},
	Volume = {0804},
	Year = {2008},
}

@article{Feynman1978,
	Author = {R. D. Field and R. P. Feynman},
	Journal = {Nucl. Phys. B},
	Title = {{A Parameterization of the properties of Quark Jets}},
	Volume = {136},
	Year = {1978},
	Pages = {1},
}

@article{SLD1995,
	Author = "{SLD Collaboration}",
	Date-Modified = {2013-06-07 15:47:16 +0000},
	Issue = {15},
	Journal = {Phys. Rev. Lett.},
	Month = {Apr},
	Pages = {2890},
	Publisher = {American Physical Society},
	Title = {Measurement of the Parity-Violation Parameter ${A}_{b}$ from the Left-Right Forward-Backward Asymmetry of $\mathit{b}$ Quark Production in ${\mathit{Z}}^{0}$ Decays Using a Momentum-Weighted Track-Charge Technique},
	Volume = {74},
	Year = {1995},}

@article{Tasso1990,
	Author = "{TASSO Collaboration}",
	Date-Modified = {2013-06-07 15:47:16 +0000},
	Journal = {Z. Phys. C},
	Pages = {433},
	Reportnumber = {DESY-90-047},
	Slaccitation = {%%CITATION = ZEPYA,C48,433;%%},
	Title = {{Measurement of the asymmetry of $b$ quark production in $e^{+} e^{-}$ annihilation of $\sqrt{s}$ = 35-GeV}},
	Volume = {48},
	Year = {1990},
	Bdsk-Url-1 = {http://dx.doi.org/10.1007/BF01572023}}

@article{Delphi1991,
	Author = "{DELPHI Collaboration}",
	Date-Modified = {2013-06-07 15:47:16 +0000},
	Journal = {Phys. Lett. B},
	Pages = {371},
	Reportnumber = {CERN-PPE-91-211},
	Slaccitation = {%%CITATION = PHLTA,B277,371;%%},
	Title = {{A Measurement of $sin^2\theta(W)$ from the charge asymmetry of hadronic events at the $Z^0$ peak}},
	Volume = {277},
	Year = {1992},
	Bdsk-Url-1 = {http://dx.doi.org/10.1016/0370-2693(92)90760-2}}

@article{Aleph1991,
	Author = "{ALEPH Collaboration}",
	Date-Modified = {2013-06-07 15:47:16 +0000},
	Issn = {0370-2693},
	Journal = {Phys. Lett. B},
	Pages = {377},
	Title = {Measurement of charge asymmetry in hadronic Z decays},
	Volume = {259},
	Year = {1991},
	Bdsk-Url-1 = {http://dx.doi.org/10.1016/0370-2693(91)90844-G}}

@article{Opal1992,
	Author = "{OPAL Collaboration}",
	Date-Modified = {2013-06-07 15:47:16 +0000},
	Issn = {0370-2693},
	Journal = {Phys. Lett. B},
	Pages = {436},
	Title = {A measurement of the forward-backward charge asymmetry in hadronic decays of the $Z^0$},
	Volume = {294},
	Year = {1992},
	Bdsk-Url-1 = {http://dx.doi.org/10.1016/0370-2693(92)91546-L}}

@article{Opal1994,
	Author = "{OPAL Collaboration}",
	Date-Modified = {2013-06-07 15:47:16 +0000},
	Issn = {0370-2693},
	Journal = {Phys. Lett. B},
	Pages = {411},
	Title = {Measurement of the time dependence of $B^0_d\leftrightarrow \overline{B^0_d}$ mixing using a jet charge technique},
	Volume = {327},
	Year = {1994},
	Bdsk-Url-1 = {http://dx.doi.org/10.1016/0370-2693(94)90747-1}}

@article{CDF1999,
	Author = "{CDF Collaboration}",
	Date-Modified = {2013-06-07 15:47:16 +0000},
	Issue = {7},
	Journal = {Phys. Rev. D},
	Month = {Sep},
	Numpages = {22},
	Pages = {072003},
	Publisher = {American Physical Society},
	Title = {Measurement of ${B}^{0}-\overline{{B}^{0}}$ flavor oscillations using jet-charge and lepton flavor tagging in $p\overline{p}$ collisions at $\sqrt{s}=1.8$\hskip0.3em${}\mathrm{TeV}$},
	Volume = {60},
	Year = {1999},
	Bdsk-Url-1 = {http://dx.doi.org/10.1103/PhysRevD.60.072003}}

@article{Delphi1996,
	Author = "{DELPHI Collaboration}",
	Date-Modified = {2013-06-07 15:47:16 +0000},
	Issn = {0170-9739},
	Journal = {Z. Phys. C},
	Language = {English},
	Pages = {17},
	Publisher = {Springer-Verlag},
	Title = {Measurement of the $B^0_d$ oscillation frequency using kaons, leptons and jet charge},
	Volume = {72},
	Year = {1996},
	Bdsk-Url-1 = {http://dx.doi.org/10.1007/BF02909128}}

@article{Berge1981,
	Author = {J.P. Berge and others},
	Date-Modified = {2013-06-07 15:47:16 +0000},
	Issn = {0550-3213},
	Journal = {Nucl. Phys. B},
	Pages = {13},
	Title = {Quark jets from antineutrino interactions (I). Net charge and factorization in the quark jets},
	Volume = {184},
	Year = {1981},
	Bdsk-Url-1 = {http://dx.doi.org/10.1016/0550-3213(81)90207-8}}

@article{Albanese1984,
	Author = {J.P. Albanese and others},
	Date-Modified = {2013-06-07 15:47:16 +0000},
	Issn = {0370-2693},
	Journal = {Phys. Lett. B},
	Pages = {302},
	Title = {Quark charge retention in final state hadrons from deep inelastic muon scattering},
	Volume = {144},
	Year = {1984},
	Bdsk-Url-1 = {http://dx.doi.org/10.1016/0370-2693(84)91825-2}}

@article{Erickson1979,
	Author = {Erickson, R. and others},
	Date-Modified = {2013-06-07 15:47:16 +0000},
	Issue = {13},
	Journal = {Phys. Rev. Lett.},
	Month = {Mar},
	Pages = {822},
	Publisher = {American Physical Society},
	Title = {Charge Retention in Deep-Inelastic Electroproduction},
	Volume = {42},
	Year = {1979},
	Bdsk-Url-1 = {http://dx.doi.org/10.1103/PhysRevLett.42.822}}

@article{Berge1980,
	Author = {J.P. Berge and others},
	Date-Modified = {2013-06-07 15:47:16 +0000},
	Issn = {0370-2693},
	Journal = {Phys. Lett. B},
	Pages = {311},
	Title = {Net charge in deep inelastic antineutrino-nucleon scattering},
	Volume = {91},
	Year = {1980},
	Bdsk-Url-1 = {http://dx.doi.org/10.1016/0370-2693(80)90456-6}}

@article{Allen1981,
	Author = {P. Allen and others},
	Date-Modified = {2013-06-07 15:47:16 +0000},
	Issn = {0550-3213},
	Journal = {Nucl. Phys. B},
	Pages = {385},
	Title = {Multiplicity distributions in neutrino-hydrogen interactions},
	Volume = {181},
	Year = {1981},
	Bdsk-Url-1 = {http://dx.doi.org/10.1016/0550-3213(81)90532-0}}

@article{Allen1982,
	Author = {P. Allen and others},
	Date-Modified = {2013-06-07 15:47:16 +0000},
	Issn = {0370-2693},
	Journal = {Phys. Lett. B},
	Pages = {88},
	Title = {Charge properties of the hadronic system in $\nu$p and $\bar{\nu}$p interactions},
	Volume = {112},
	Year = {1982},
	Bdsk-Url-1 = {http://dx.doi.org/10.1016/0370-2693(82)90912-1}}

@article{Barlag1982,
	Author = {Barlag, S. and others},
	Date-Modified = {2013-06-07 15:47:16 +0000},
	Issn = {0170-9739},
	Journal = {Z. Phys. C},
	Language = {English},
	Pages = {283},
	Publisher = {Springer-Verlag},
	Title = {Charged hadron multiplicities in high energy $\bar{v}_\mu n$ and $\bar{v}_\mu p$ interactions},
	Volume = {11},
	Year = {1982},
	Bdsk-Url-1 = {http://dx.doi.org/10.1007/BF01578279}}

@article{Krohn2012,
	Archiveprefix = {arXiv},
	Author = {Krohn, David and Lin, Tongyan and Schwartz, Matthew D. and Waalewijn, Wouter J.},
	Eprint = {1209.2421},
	Primaryclass = {hep-ph},
	Slaccitation = {%%CITATION = ARXIV:1209.2421;%%},
	Title = {{Jet Charge at the LHC}},
	Year = {2012}}

@article{Waalewijn2012,
	Author = {Waalewijn, Wouter J.},
	Date-Modified = {2013-06-07 15:47:16 +0000},
	Issue = {9},
	Journal = {Phys. Rev. D},
	Month = {Nov},
	Numpages = {15},
	Pages = {094030},
	Publisher = {American Physical Society},
	Title = {Calculating the charge of a jet},
	Volume = {86},
	Year = {2012},
	Bdsk-Url-1 = {http://dx.doi.org/10.1103/PhysRevD.86.094030}}

@article{Barate1998,
	Author = "{ALEPH Collaboration}",
	Date-Modified = {2013-06-07 15:47:16 +0000},
	Issn = {0370-2693},
	Journal = {Phys. Lett. B},
	Pages = {369},
	Title = {Measurement of triple gauge-boson couplings at 172 GeV},
	Volume = {422},
	Year = {1998},
	Bdsk-Url-1 = {http://dx.doi.org/10.1016/S0370-2693(98)00061-6}}

@article{Abazov2007,
	Author = "{D0 Collaboration}",
	Date-Modified = {2013-06-07 15:47:16 +0000},
	Issue = {4},
	Journal = {Phys. Rev. Lett.},
	Month = {Jan},
	Numpages = {7},
	Pages = {041801},
	Publisher = {American Physical Society},
	Title = {Experimental Discrimination between Charge $2e/3$ Top Quark and Charge $4e/3$ Exotic Quark Production Scenarios},
	Volume = {98},
	Year = {2007},
	Bdsk-Url-1 = {http://dx.doi.org/10.1103/PhysRevLett.98.041801}}

@article{CDF2011,
	Author = "{CDF Collaboration}",
	Journal = {CDF note 10460},
	Title = {The CDF Measurement of the Top Quark Charge using the Top Decay Products in Lepton+Jet channel},
	Year = {2011}}

@article{CMS2012,
	Author = "{CMS}",
	Journal = {CMS-PAS-TOP-11-031},
	Title = {Constraints on the Top-Quark Charge from Top-Pair Events},
	Year = {2012},
	url={https://cds.cern.ch/record/1429970}}

@article{ATLAS2011,
	Author = "{ATLAS}",
	Journal = {ATLAS-CONF-2011-141},
	Title = {Measurement of the top quark charge in pp collisions at $\sqrt{s}=7$ TeV in the ATLAS experiment},
	url = {http://cds.cern.ch/record/1385517},
	Year = {2011}}

@article{ATLAS2010,
	Author = "{ATLAS}",
	Date-Modified = {2013-06-07 15:47:16 +0000},
	Issn = {1434-6044},
	Journal = {Eur. Phys. J. C},
	Language = {English},
	Pages = {823},
	Publisher = {Springer-Verlag},
	Title = {The ATLAS Simulation Infrastructure},
	Volume = {70},
	Year = {2010},
	Bdsk-Url-1 = {http://dx.doi.org/10.1140/epjc/s10052-010-1429-9}}

@article{Geant,
	Author = "{GEANT4 Collaboration}",
	Date-Modified = {2013-06-07 15:47:16 +0000},
	Issn = {0168-9002},
	Journal = {Nuclear Instruments and Methods in Physics Research A},
	Pages = {250},
	Title = {Geant4 - a simulation toolkit},
	Volume = {506},
	Year = {2003},
	Bdsk-Url-1 = {http://dx.doi.org/10.1016/S0168-9002(03)01368-8}}

@article{Detector,
	Author = "{ATLAS}",
	Journal = {JINST},
	Title = {The ATLAS Experiment at the CERN Large Hadron Collider},
	Volume = {3},
	Pages={S08003},
	Year = {2008}}

@article{Frixione:2002ik,
	Author = {Frixione, Stefano and Webber, Bryan R.},
	Journal = {JHEP},
	Pages = {029},
	Reportnumber = {CAVENDISH-HEP-02-01, LAPTH-905-02, GEF-TH-2-2002},
	Slaccitation = {%%CITATION = HEP-PH/0204244;%%},
	Title = {{Matching NLO QCD computations and parton shower simulations}},
	Volume = {0206},
	Year = {2002}}

@article{Lai:2010vv,
	Author = {Lai, Hung-Liang and others},
	Date-Modified = {2013-06-07 15:47:16 +0000},
	Journal = {Phys. Rev. D},
	Pages = {074024},
	Reportnumber = {MSUHEP-100707, SMU-HEP-10-10},
	Slaccitation = {%%CITATION = ARXIV:1007.2241;%%},
	Title = {{New parton distributions for collider physics}},
	Volume = {82},
	Year = {2010},
	Bdsk-Url-1 = {http://dx.doi.org/10.1103/PhysRevD.82.074024}}

@article{Corcella:2000bw,
	Author = {Corcella, G. and others},
	Date-Modified = {2013-06-07 15:47:16 +0000},
	Journal = {JHEP},
	Pages = {010},
	Reportnumber = {CAVENDISH-HEP-99-03, CERN-TH-2000-284, RAL-TR-2000-048},
	Slaccitation = {%%CITATION = HEP-PH/0011363;%%},
	Title = {{HERWIG 6: An Event generator for hadron emission reactions with interfering gluons (including supersymmetric processes)}},
	Volume = {0101},
	Year = {2001},
	Bdsk-Url-1 = {http://dx.doi.org/10.1088/1126-6708/2001/01/010}}

@article{JIMMY,
	Author = {Butterworth, J. M. and Forshaw, J. R. and Seymour, M. H.},
	Date-Modified = {2013-06-07 15:47:16 +0000},
	Issn = {0170-9739},
	Journal = {Z. Phys. C},
	Language = {English},
	Pages = {637},
	Publisher = {Springer-Verlag},
	Title = {Multiparton interactions in photoproduction at HERA},
	Volume = {72},
	Year = {1996},
	Bdsk-Url-1 = {http://dx.doi.org/10.1007/s002880050286}}

@article{Pumplin:2002vw,
	Author = {Pumplin, J. and others},
	Journal = {JHEP},
	Pages = {012},
	Reportnumber = {MSU-HEP-011101},
	Slaccitation = {%%CITATION = HEP-PH/0201195;%%},
	Title = {{New generation of parton distributions with uncertainties from global QCD analysis}},
	Volume = {0207},
	Year = {2002}}

@article{Mangano:2002ea,
	Author = {Mangano, Michelangelo L. and others},
	Journal = {JHEP},
	Pages = {001},
	Reportnumber = {CERN-TH-2002-129, FTN-T-2002-06},
	Slaccitation = {%%CITATION = HEP-PH/0206293;%%},
	Title = {{ALPGEN, a generator for hard multiparton processes in hadronic collisions}},
	Volume = {0307},
	Year = {2003}}

@phdthesis{Fleischmann:1014533,
	Address = {Wuppertal},
	Author = {Fleischmann, S and M \"{a}ttig, P},
	Note = {Presented on 19 Oct 2006},
	School = {Wuppertal U.},
	Title = {Track Reconstruction in the ATLAS Experiment: The Deterministic Annealing Filter},
	Year = {2006}}

@article{ATLAS:2010tca,
	Author = "{ATLAS}",
	Key = {1204027},
	Reportnumber = {ATLAS-CONF-2010-061, ATLAS-COM-CONF-2010-063},
	Slaccitation = {%%CITATION = ATLAS-CONF-2010-061 ETC.;%%},
	Title = {{Properties of tracks in jets observed in proton-proton collisions at $\sqrt{s}=7$ TeV in the ATLAS detector}},
	Year = {2010}}

@article{Cacciari:2008gp,
	Author = {Cacciari, Matteo and Salam, Gavin P. and Soyez, Gregory},
	Date-Modified = {2013-06-07 15:47:16 +0000},
	Journal = {JHEP},
	Pages = {063},
	Reportnumber = {LPTHE-07-03},
	Slaccitation = {%%CITATION = ARXIV:0802.1189;%%},
	Title = {{The Anti-k(t) jet clustering algorithm}},
	Volume = {0804},
	Year = {2008},
	Bdsk-Url-1 = {http://dx.doi.org/10.1088/1126-6708/2008/04/063}}

@article{qg,
      	Author = "{ATLAS}",
      title          = "{Light-quark and Gluon Jets: Calorimeter Response, Jet Energy Scale Systematics and Properties}",
      year           = "2012",
      Journal   = "ATLAS-CONF-2012-138",
url="https://cds.cern.ch/record/1480629",
}

@article{doublebb,
     Author        = "{ATLAS}",
      title          = "{Identification and Tagging of Double b-hadron jets with the ATLAS Detector}",
      year           = "2012",
       Journal   = "ATLAS-CONF-2012-100",
url="https://cds.cern.ch/record/1462603",
}

@article{btag,
     Author        = "{ATLAS}",
      title          = "{Measurement of the b-tag Efficiency in a Sample of Jets Containing Muons with $5$ $fb^{-1}$ of Data from the ATLAS Detector}",
      year           = "2012",
       Journal  = "ATLAS-CONF-2012-043",
	url="https://cds.cern.ch/record/1435197",
}

@article{topXScalc,
      author         = "{M. Aliev} and {H. Lacker} and {U. Langenfeld} and {S. Moch} and {P. Uwer} and others",
      title          = "{HATHOR: HAdronic Top and Heavy quarks crOss section calculatoR}",
      year           = "2011",
	journal        = "Comp. Phys. Comm.",
      volume         = "182",
      pages          = "1034-1046",
}

@Article{TopoClusters,
      author       = "Lampl, W and others",
      title        = "Calorimeter clustering algorithms: description and
                      performance",
      report       = "\href{https://cdsweb.cern.ch/record/1099735}{ATL-LARG-PUB-2008-002}",
      month        = "April",
      year         = "2008",
url={https://cdsweb.cern.ch/record/1099735}
}
@article{EndcapTBelectronPion2002,
  author           ="Cojocaru, C. and others",
  title            = "Hadronic calibration of the {ATLAS} liquid argon 
                      end-cap calorimeter in the pseudorapidity region 
                      $1.6<|\eta|<1.8$ in beam tests",
  journal          = "Nucl. Instrum. Meth. A",
  volume           = "531",
  pages            = "481",
  year             = "2004",
  doi              = "10.1016/j.nima.2004.05.133"
}

@article{pow1,
  author={Paolo Nason},
  title={A new method for combining NLO QCD with shower Monte Carlo algorithms},
  journal={JHEP},
  volume={0411},
  pages={040},
  year={2004},
}

@article{pow2,
  author={Stefano Frixione and Paolo Nason and Carlo Oleari},
  title={Matching NLO QCD computations with parton shower simulations: the POWHEG method},
  journal={JHEP},
  volume={0711},
  pages={070},
  year={2007},
}
	
@article{pow3,
year={2010},
journal={JHEP},
volume={1006},
doi={10.1007/JHEP06(2010)043},
title={A general framework for implementing NLO calculations in shower Monte Carlo programs: the POWHEG BOX},
publisher={Springer-Verlag},
keywords={NLO Computations; Hadronic Colliders; QCD},
author={Alioli, Simone and Nason, Paolo and Oleari, Carlo and Re, Emanuele},
pages={001},
language={English}
}


  	
@article{ghost,
  author={Matteo Cacciari and Gavin P. Salam and Gregory Soyez},
  title={The catchment area of jets},
  journal={JHEP},
  volume={0804},
  pages={005},
  year={2008},
  }	
  
  @techreport{newt,
      author       = "Cornelissen, T and Elsing, M and Fleischmann, S and Liebig,
                      W and Moyse, E and Salzburger, A",
      title        = "Concepts, Design and Implementation of the ATLAS New
                      Tracking (NEWT)",
      institution  = "CERN",
      address      = "Geneva",
      number       = "ATL-SOFT-PUB-2007-007",
      month        = "Mar",
      year         = "2007",
}

%/ATL-COM-SOFT-2007-002

@article{tchannel,
      author         = "Kersevan, Borut Paul and Richter-Was, Elzbieta",
      title          = "{The Monte Carlo event generator AcerMC version 2.0 with
                        interfaces to PYTHIA 6.2 and HERWIG 6.5}",
      year           = "2004",
      eprint         = "hep-ph/0405247",
      archivePrefix  = "arXiv",
      primaryClass   = "hep-ph",
      reportNumber   = "TPJU-6-2004",
      SLACcitation   = "%%CITATION = HEP-PH/0405247;%%",
}

@article{Aliev:2010zk,
      author         = "Aliev, M. and Lacker, H. and Langenfeld, U. and Moch, S.
                        and Uwer, P. and others",
      title          = "{HATHOR: HAdronic Top and Heavy quarks crOss section
                        calculatoR}",
      journal        = "Comput. Phys. Commun.",
      volume         = "182",
      pages          = "1034-1046",
      doi            = "10.1016/j.cpc.2010.12.040",
      year           = "2011",
      eprint         = "1007.1327",
      archivePrefix  = "arXiv",
      primaryClass   = "hep-ph",
      reportNumber   = "DESY-10-091, HU-EP-10-33, SFB-CPP-10-60",
      SLACcitation   = "%%CITATION = ARXIV:1007.1327;%%",
}

@article{Czakon:2013goa,
      author         = "Czakon, Michal and Fiedler, Paul and Mitov, Alexander",
      title          = "{The total top quark pair production cross-section at
                        hadron colliders through O($\alpha_S^4$)}",
      year           = "2013",
      reportNumber   = "CERN-PH-TH-2013-056, TTK-13-08",
      SLACcitation   = "%%CITATION = ARXIV:1303.6254;%%",
  journal = {Phys. Rev. Lett.},
  volume = {110},
  year = {2013},
  issue = {25},
  pages = {252004},
}

@article{Czakon:2012pz,
      author         = "Czakon, Michal and Mitov, Alexander",
      title          = "{NNLO corrections to top pair production at hadron
                        colliders: the quark-gluon reaction}",
      journal        = "JHEP",
      volume         = "1301",
      pages          = "080",
      doi            = "10.1007/JHEP01(2013)080",
      year           = "2013",
      SLACcitation   = "%%CITATION = ARXIV:1210.6832;%%",
}

@article{Czakon:2012zr,
      author         = "Czakon, Michal and Mitov, Alexander",
      title          = "{NNLO corrections to top-pair production at hadron
                        colliders: the all-fermionic scattering channels}",
      journal        = "JHEP",
      volume         = "1212",
      pages          = "054",
      doi            = "10.1007/JHEP12(2012)054",
      year           = "2012",
      SLACcitation   = "%%CITATION = ARXIV:1207.0236;%%",
}

@article{Baernreuther:2012ws,
      author         = "Barnreuther, Peter and Czakon, Michal and Mitov,
                        Alexander",
      title          = "{Percent Level Precision Physics at the Tevatron: First
                        Genuine NNLO QCD Corrections to $q \bar{q} \to t \bar{t} +
                        X$}",
      journal        = "Phys. Rev. Lett.",
      volume         = "109",
      pages          = "132001",
      doi            = "10.1103/PhysRevLett.109.132001",
      year           = "2012",
      SLACcitation   = "%%CITATION = ARXIV:1204.5201;%%",
}

@article{Cacciari:2011hy,
      author         = "Cacciari, Matteo and Czakon, Michal and Mangano,
                        Michelangelo and Mitov, Alexander and Nason, Paolo",
      title          = "{Top-pair production at hadron colliders with
                        next-to-next-to-leading logarithmic soft-gluon
                        resummation}",
      journal        = "Phys. Lett. B",
      volume         = "710",
      pages          = "612",
      doi            = "10.1016/j.physletb.2012.03.013",
      year           = "2012",
      reportNumber   = "CERN-PH-TH-2011-277, TTK-11-54",
      SLACcitation   = "%%CITATION = ARXIV:1111.5869;%%",
}


@article{Czakon:2011xx,
      author         = "Czakon, Michal and Mitov, Alexander",
      title          = "{Top++: A Program for the Calculation of the Top-Pair
                        Cross-Section at Hadron Colliders}",
      year           = "2011",
      eprint         = "1112.5675",
      archivePrefix  = "arXiv",
      primaryClass   = "hep-ph",
      SLACcitation   = "%%CITATION = ARXIV:1112.5675;%%",
}

@article{Martin:2009iq,
      author         = "Martin, A.D. and Stirling, W.J. and Thorne, R.S. and
                        Watt, G.",
      title          = "{Parton distributions for the LHC}",
      journal        = "Eur. Phys. J.",
      volume         = "C63",
      pages          = "189",
      doi            = "10.1140/epjc/s10052-009-1072-5",
      year           = "2009",
      reportNumber   = "IPPP-08-95, DCPT-08-190, CAVENDISH-HEP-08-16",
      SLACcitation   = "%%CITATION = ARXIV:0901.0002;%%",
}


@article{Martin:2009bu,
      author         = "Martin, A.D. and Stirling, W.J. and Thorne, R.S. and
                        Watt, G.",
      title          = "{Uncertainties on alpha(S) in global PDF analyses and
                        implications for predicted hadronic cross sections}",
      journal        = "Eur. Phys. J. C",
      volume         = "64",
      pages          = "653",
      doi            = "10.1140/epjc/s10052-009-1164-2",
      year           = "2009",
      reportNumber   = "IPPP-09-33, DCPT-09-66, CAVENDISH-HEP-09-06",
      SLACcitation   = "%%CITATION = ARXIV:0905.3531;%%",
}

@article{Ball:2012cx,
      author         = "Ball, Richard D. and others",
      title          = "{Parton distributions with LHC data}",
      journal        = "Nucl. Phys. B",
      volume         = "867",
      pages          = "244",
      doi            = "10.1016/j.nuclphysb.2012.10.003",
      year           = "2013",
      reportNumber   = "EDINBURGH-2012-08, IFUM-FT-997, FR-PHENO-2012-014,
                        RWTH-TTK-12-25, CERN-PH-TH-2012-037, SFB-CPP-12-47\",
      SLACcitation   = "%%CITATION = ARXIV:1207.1303;%%",
}

@article{Gao:2013xoa,
      author         = "Gao, Jun and others",
      title          = "{The CT10 NNLO Global Analysis of QCD}",
      year           = "2013",
      eprint         = "1302.6246",
      archivePrefix  = "arXiv",
      primaryClass   = "hep-ph",
      reportNumber   = "SMU-HEP-12-23",
      SLACcitation   = "%%CITATION = ARXIV:1302.6246;%%",
}

@article{Botje:2011sn,
      author         = "Botje, Michiel and others",
      title          = "{The PDF4LHC Working Group Interim Recommendations}",
      year           = "2011",
      eprint         = "1101.0538",
      archivePrefix  = "arXiv",
      primaryClass   = "hep-ph",
      SLACcitation   = "%%CITATION = ARXIV:1101.0538;%%",
}

@article{pdg,
      author         = "J. Beringer and others (Particle Data Group)",
      title          = "{The Review of Particle Physics}",
      year           = "2012",
journal        = "Phys. Rev. D",
      volume         = "86",
	pages="010001"
}

@article{area,
      author         = "Cacciari, Matteo and Salam, Gavin P. and Soyez, Gregory",
      title          = "{The Catchment Area of Jets}",
      journal        = "JHEP",
      volume         = "0804",
      pages          = "005",
      doi            = "10.1088/1126-6708/2008/04/005",
      year           = "2008",
      reportNumber   = "LPTHE-07-02",
      SLACcitation   = "%%CITATION = ARXIV:0802.1188;%%",
}

@article{Krohn:2009th,
      author         = "Krohn, David and Thaler, Jesse and Wang, Lian-Tao",
      title          = "{Jet Trimming}",
      journal        = "JHEP",
      volume         = "1002",
      pages          = "084",
      doi            = "10.1007/JHEP02(2010)084",
      year           = "2010",
      SLACcitation   = "%%CITATION = ARXIV:0912.1342;%%",
}


@article{jes,
	Author = "{ATLAS}",
	journal = {ATLAS-CONF-2013-004},
	Title = {{Jet energy scale and its systematic uncertainty in
                      proton-proton collisions at $\sqrt{s}=7$ TeV with ATLAS 2011}},
	Year = {2011},
	url={https://cds.cern.ch/record/1423602}}

@article{track,
	Author = "{ATLAS}",
	title          = "{Charged-particle multiplicities in pp interactions measured with the ATLAS detector at the LHC}",
journal        = "New J. Phys.",
      volume         = "13",
      pages          = "053033",
year           = "2011",
}

@article{wjetsxs,
	Author = "{J.M. Butterworth and others}",
	Journal = {ATL-COM-PHYS-2010-695},
	Title = {{Single Boson and Diboson Production Cross
  Sections in pp Collisions at $\sqrt{s}$=7}},
	Year = {2010}}
%https://cds.cern.ch/record/1287902

@article{schan,
  title = {Next-to-next-to-leading logarithm resummation for $s$-channel single top quark production},
  author = {Kidonakis, Nikolaos},
  journal = {Phys. Rev. D},
  volume = {81},
  pages = {054028},
  year = {2010},
  doi = {10.1103/PhysRevD.81.054028},
  publisher = {American Physical Society}
}

@article{tchan,
  title = {Next-to-next-to-leading-order collinear and soft gluon corrections for $t$-channel single top quark production},
  author = {Kidonakis, Nikolaos},
  journal = {Phys. Rev. D},
  volume = {83},
  pages = {091503},
  numpages = {5},
  year = {2011},
  doi = {10.1103/PhysRevD.83.091503},
  publisher = {American Physical Society}
}

@article{wtchan,
  title = {Two-loop soft anomalous dimensions for single top quark associated production with a ${W}^{-}$ or ${H}^{-}$},
  author = {Kidonakis, Nikolaos},
  journal = {Phys. Rev. D},
  volume = {82},
  issue = {5},
  pages = {054018},
  numpages = {10},
  year = {2010},
  month = {Sep},
  doi = {10.1103/PhysRevD.82.054018},
  publisher = {American Physical Society}
}


@article{areasATLAS,
	Author = "{ATLAS}",
	journal = {ATLAS-CONF-2013-083},
	Title = {{Pile-up subtraction and suppression for jets in ATLAS}},
	Year = {2013},
url={https://cds.cern.ch/record/1570994}}

@article{pythia6,
	Author = {Torbj{\"o}rn Sj{\"o}strand and Stephen Mrenna and Peter Skands},
  title={PYTHIA 6.4 physics and manual},
  journal={JHEP},
  volume={0605},
  pages={026},
  year={2006},}
